@misc{gplv3,
	author = {Free Software Foundation},
	title = {{GNU} {G}eneral {P}ublic {L}icense},
	version = {3},
	howpublished = {\url{http://www.gnu.org/licenses/gpl.html}},
	shorthand = {GPL},
}

@misc{web-server-usage,
	author = {w3tech},
	title = {Usage of web servers for websites},
	howpublished = {\url{
	                https://w3techs.com/technologies/overview/web_server/all} },
}

@misc{apache,
	author = {Apache Software Foundation},
	title = {Apache Software Foundation},
	howpublished = {\url{http://www.apache.org/}},
}

@misc{nodejs-trend,
	author = {w3tech},
	title = {Usage statistics and market share of Node.js for websites},
	howpublished = {\url{
	                https://w3techs.com/technologies/details/ws-nodejs/all/all }},
}

@misc{acid,
	author = {Graham Chen},
	title = {Distributed transaction processing standars and their applications},
	howpublished = {\url{
	                https://pdfs.semanticscholar.org/cf9d/45b49b276615e6c5d94a8ffaf163933c49a6.pdf
	                }},
}

@misc{cap,
	author = {Eric Brewer},
	title = {Brewer's CAP Theorem},
	howpublished = {\url{
	                http://www.julianbrowne.com/article/brewers-cap-theorem}},
}

@misc{pug,
	author = {Pug},
	title = {Pug template engine},
	howpublished = {\url{https://github.com/pugjs/pug}},
}

@misc{jade,
	author = {Jade},
	title = {Jade Lang},
	howpublished = {\url{jade-lang.com}},
}

@misc{bootstrap,
	author = {Bootstrap},
	title = {Bootstrap},
	howpublished = {\url{https://getbootstrap.com/}},
}

@misc{hack-week,
	author = {Twitter},
	title = {Hack Week},
	howpublished = {\url{
	                https://blog.twitter.com/engineering/en_us/a/2010/hack-week.html
	                }},
}

@misc{json,
	author = {w3schools},
	title = {JavaScript Object Notation},
	howpublished = {\url{https://www.w3schools.com/js/js_json_intro.asp}},
}

@misc{mongoose,
	author = {Mongoose},
	title = {Elegant mongodb object modeling for node.js},
	howpublished = {\url{http://mongoosejs.com/}},
}

@misc{agpl,
	author = {Free Software Foundation},
	title = {GNU Affero General Public License},
	howpublished = {\url{https://www.gnu.org/licenses/agpl-3.0.html}},
}

@misc{ansible,
	author = {Ansible},
	title = {Automation for everyone},
	howpublished = {\url{https://www.ansible.com/}},
}

@misc{passport,
	author = {Passport.js},
	title = {Simple, unobtrusive authentication for Node.js},
	howpublished = {\url{http://www.passportjs.org/}},
}

@misc{express,
	author = {Express.js},
	title = {Fast, unopinionated, minimalist web framework for Node.js},
	howpublished = {\url{http://expressjs.com/}},
}

@misc{blowfish,
	author = {Bruce Schneier},
	title = {Schneier on Security},
	howpublished = {\url{https://www.schneier.com/academic/blowfish/}},
}

@misc{rainbow,
	author = {Philippe Oechslin},
	title = {Making a Faster Cryptanalytical Time-Memory Trade-Off},
	howpublished = {\url{https://lasec.epfl.ch/~
	                oechslin/publications/crypto03.pdf}},
}

@misc{gdpr,
	author = {European Union},
	title = {General Data Protection Regulation},
	howpublished = {\url{
	                https://eur-lex.europa.eu/legal-content/EN/TXT/HTML/?uri=OJ:L:2016:119:FULL&from=EN
	                }},
}

@inbook{software-engineering,
	author = {Ian Sommervile},
	title = {Software Engineering},
	bookTitle = {Software Engineering},
	year = 2016,
	publisher = {Springer International Publishing},
	isbn = {0-321-31379-8},
}

@misc{nodejs,
	author = {Node.js Foundation},
	title = {Node.js},
	howpublished = {\url{https://nodejs.org/es/}},
}

@misc{npm,
	author = {npm, Inc.},
	title = {Build amazing things},
	howpublished = {\url{https://www.npmjs.com/}},
}

@misc{carbone,
	author = {Carbone},
	title = {Carbone},
	howpublished = {\url{https://carbone.io/designer-documentation.html}},
}

@misc{canvas,
	author = {w3schools},
	title = {HTML5 Canvas},
	howpublished = {\url{https://www.w3schools.com/html/html5_canvas.asp}},
}

@misc{supertest,
	author = {visionmedia},
	title = {Super-agent driven library for testing node.js HTTP servers using a
	         fluent API},
	howpublished = {\url{https://github.com/visionmedia/supertest}},
}

@misc{travis-ci,
	author = {Travis CI},
	title = {Test and Deploy with Confidence},
	howpublished = {\url{https://travis-ci.org/}},
}

@misc{ubuntu-usage,
	author = {w3techs},
	title = {Usage statistics and market share of Linux for websites},
	howpublished = {\url{
	                https://w3techs.com/technologies/details/os-linux/all/all }},
}

@misc{gespol,
	author = {GESPOL},
	title = {GESPOL Security and Safety Systems},
	howpublished = {\url{ http://bilbo2.servebbs.net:9980/gespolweb/index.php/}},
}

@misc{appolo,
	author = {almerimatik},
	title = {Appolo, aplicación integral para Cuerpos de Policía Local},
	howpublished = {\url{http://www2.almerimatik.es/appolo/}},
}

@misc{scrum,
	author = {Scrum Manager},
	title = {Troncal I. Scrum Master},
	howpublished = {\url{http://scrummanager.net/files/scrum_manager.pdf}},
}

@misc{vagrant,
	author = {HashiCorp},
	title = {Development Environments Made Easy},
	howpublished = {\url{https://www.vagrantup.com/}},
}

@misc{passport-func,
	author = {centuryLink},
	title = {Authentication with passport.js},
	howpublished = {\url{
	                https://www.ctl.io/developers/blog/post/build-user-authentication-with-node-js-express-passport-and-mongodb
	                }},
}

@misc{image-unit-test,
	author = {Martin Fowler},
	title = {Unit test},
	howpublished = {\url{https://martinfowler.com/bliki/UnitTest.html}},
}

@misc{image-ci,
	author = {FileCatalyst},
	title = {Continuous integration diagram},
	howpublished = {\url{
	                http://filecatalyst.com/wp-content/uploads/2014/12/Continuous-Integration-Diagram.png
	                }},
}

@misc{image-node,
	author = {Belisoft},
	title = {PHP vs Nodejs},
	howpublished = {\url{
	                https://belitsoft.com/php-development-services/php7-vs-nodejs
	                }},
}

@misc{image-node-arch,
	author = {Codeburst},
	title = {All about Node.js},
	howpublished = {\url{
	                https://codeburst.io/all-about-node-js-you-wanted-to-know-25f3374e0be7
	                }},
}

@misc{image-mongoose,
	author = {Medium},
	title = {Introduction to Mongoose},
	howpublished = {\url{
	                https://medium.freecodecamp.org/introduction-to-mongoose-for-mongodb-d2a7aa593c57
	                }},
}

@misc{image-vagrant,
	author = {Czerasz},
	title = {Vagrant workflow},
	howpublished = {\url{http://czerasz.com/2015/01/06/vagrant-workflows/}},
}

@misc{image-ansible,
	author = {RoyalCyber},
	title = {Automation with Ansible},
	howpublished = {\url{
	                http://blog.royalcyber.com/devops/new-level-of-automation-with-ansible/
	                }},
}

@book{marwedel,
	title = {Embedded Systems: Foundations of Cyber-Physical Systems, and the
	         Internet of Things},
	author = {Marwedel, Peter},
	year = {2021},
	publisher = {Springer Nature},
	edition = {4th},
	series = {Embedded Systems},
	doi = {10.1007/978-3-030-60910-8},
	url = {https://library.oapen.org/handle/20.500.12657/46817},
	language = {English},
	rights = {CC BY 4.0},
}

@online{es_glossary,
	author = {Barr, Michael},
	title = {Embedded Systems Glossary},
	year = {},
	url = {https://barrgroup.com/embedded-systems/glossary},
}

@article{RTC,
	author = {Shin, K.G. and Ramanathan, P.},
	journal = {Proceedings of the IEEE},
	title = {Real-time computing: a new discipline of computer science and
	         engineering},
	year = {1994},
	volume = {82},
	number = {1},
	pages = {6-24},
	keywords = {Computer science;Real time systems;Automobiles;Application
	            software;Wheels;Processor scheduling;Humans;Resource
	            management;Environmental economics;Computer displays},
	doi = {10.1109/5.259423},
}

@online{FreeRTOSAbout,
	author = "{FreeRTOS Team}",
	title = "What is An RTOS?",
	howpublished = "\url{https://www.freertos.org/about-RTOS.html}",
	year = "Accessed: 2024-03-25",
}

@book{stankovic,
	title = {Real-time computing systems: The next generation},
	author = {Stankovic, John A and others},
	year = {1988},
	publisher = {University of Massachusetts at Amherst. Computer and
	             Information Science [COINS]},
}

@book{handbook_realtime_computing,
	title = "Handbook of Real-Time Computing",
	editor = "Yu-Chu Tian and David C. Levy",
	publisher = "Springer",
	year = "2022",
	isbn = "978-981-287-250-0",
	doi = "10.1007/978-981-287-251-7",
	url = "https://doi.org/10.1007/978-981-287-251-7",
}

@article{MILLIGAN1996,
	author = {Milligan, M.K. and Cragon, H.G.},
	title = {The Use of Cache Memory in Real-Time Systems},
	journal = {IFAC Proceedings Volumes},
	volume = {29},
	number = {6},
	pages = {123--129},
	year = {1996},
}

@article{lynx2024rtos,
	title = {Most Popular Real-Time Operating Systems in 2024},
	author = {Lynx Software Technologies},
	journal = {Lynx Software Technologies Embedded Systems Learning Center},
	year = {2024},
	url = {
	       https://www.lynx.com/embedded-systems-learning-center/most-popular-real-time-operating-systems-rtos
	       },
}

@book{wang2017rtes,
	title = {Real-Time Embedded Systems},
	author = {Wang, J.},
	isbn = {9781118116173},
	lccn = {2017015038},
	series = {Quantitative Software Engineering Series},
	url = {https://books.google.es/books?id=KbwtDwAAQBAJ},
	year = {2017},
	publisher = {Wiley},
}

@misc{LLLBabyMonitor,
  author       = {Low Level Learning},
  title        = {i hacked my son's baby monitor, for science},
  year         = 2023,
  month        = Feb,
  howpublished = {YouTube, Online Video},
  note         = {Available: \url{https://www.youtube.com/watch?v=qWzXYbCH3Ls}}
}

@manual{RTIC,
  title        = {{Real-Time Interrupt-driven Concurrency (RTIC) Framework}},
  author       = {{RTIC Developers}},
  year         = {2024},
  url          = {https://rtic.rs/2/book/en/},
}


@INPROCEEDINGS{GPIO_BIB,
  author={Shrivastava, Rahul and Sarawadekar, Kishor},
  booktitle={2018 4th International Conference for Convergence in Technology (I2CT)}, 
  title={Multi-Voltage GPIO Design and its Physical Implementation}, 
  year={2018},
  volume={},
  number={},
  pages={1-4},
  keywords={Pins;Layout;Impedance;Integrated circuit modeling;Microcontrollers;Tools;Transistors;GPIO;Virtuso Suit;Hspice},
  doi={10.1109/I2CT42659.2018.9058052}}

@INPROCEEDINGS{UART_BIB,
  author={Sharma, Pranjal and Kumar, Anup and Kumar, Naresh},
  booktitle={2022 International Conference on Edge Computing and Applications (ICECAA)}, 
  title={Analysis of UART Communication Protocol}, 
  year={2022},
  volume={},
  number={},
  pages={323-328},
  keywords={Protocols;Transmitters;Receivers;Hardware;Hardware design languages;Edge computing;Clocks;Universal Asynchronous Receiver Transmitter (UART);Baud rate;Clock signal;transmitting end;receiver end and Verilog},
  doi={10.1109/ICECAA55415.2022.9936199}}

@Inbook{Yoo2003,
author="Yoo, Sungjoo
and Jerraya, Ahmed A.",
editor="Jerraya, Ahmed Amine
and Yoo, Sungjoo
and Verkest, Diederik
and Wehn, Norbert",
title="Introduction to Hardware Abstraction Layers for SoC",
bookTitle="Embedded Software for SoC",
year="2003",
publisher="Springer US",
address="Boston, MA",
pages="179--186",
isbn="978-0-306-48709-5",
doi="10.1007/0-306-48709-8_14",
url="https://doi.org/10.1007/0-306-48709-8_14"
}

@book{RISC-V_BOOK,
author = {Patterson, David and Waterman, Andrew},
title = {The RISC-V Reader: An Open Architecture Atlas},
year = {2017},
isbn = {0999249118},
publisher = {Strawberry Canyon},
edition = {1st},
}

@article{fredericksfaq,
  title={FAQ: What is a Board Support Package?},
  author={Fredericks, Ron and River, Wind}
}
